@inproceedings{UIDLTheoreticalSurvey,
  author={Guerrero-Garcia, Josefina and Gonzalez-Calleros, Juan Manuel and Vanderdonckt, Jean and Munoz-Arteaga, Jaime},
  title={{A Theoretical Survey of User Interface Description Languages: Preliminary Results}},
  booktitle={{2009 Latin American Web Congress}},
  pages={36--43},
  year={2009},
  organization={IEEE},
  doi={10.1109/LA-WEB.2009.40}
}

@article{DSRM,
  author={Peffers, Ken and Tuunanen, Tuure and Rothenberger, Marcus A and Chatterjee, Samir},
  title={{A Design Science Research Methodology for Information Systems Research}},
  journal={Journal of Management Information Systems},
  volume={24},
  number={3},
  pages={45--77},
  year={2007},
  publisher={Taylor \& Francis},
  doi={10.2753/MIS0742-1222240302}
}

@inproceedings{XMLCompliantUIDLs,
  author={Souchon, Nathalie and Vanderdonckt, Jean},
  title={{A Review of XML-Compliant User Interface Description Languages}},
  booktitle={{International Workshop on Design, Specification, and Verification of Interactive Systems}},
  pages={377--391},
  year={2003},
  organization={Springer},
  doi={10.1007/978-3-540-39929-2_26}
}

@article{UIML,
  author={Abrams, Marc and Phanouriou, Constantinos and Batongbacal, Alan L and Williams, Stephen M and Shuster, Jonathan E},
  title={{UIML: An Appliance-Independent XML User Interface Language}},
  journal={{Computer Networks}},
  volume={31},
  number={11-16},
  pages={1695--1708},
  year={1999},
  publisher={Elsevier},
  doi={10.1016/S1389-1286(99)00044-4}
}

@inproceedings{XIML,
  author={Puerta, Angel and Eisenstein, Jacob},
  title={{XIML: A Common Representation for Interaction Data}},
  booktitle={{Proceedings of the 7th International Conference on Intelligent User Interfaces}},
  pages={214--215},
  year={2002},
  doi={10.1145/502716.502763}
}

@article{TeresaXML,
  author={Patern{\`o}, Fabio and Santoro, Carmen},
  title={{A Unified Method for Designing Interactive Systems Adaptable to Mobile and Stationary Platforms}},
  journal={{Interacting with Computers}},
  volume={15},
  number={3},
  pages={349--366},
  year={2003},
  publisher={Oxford University Press Oxford, UK},
  doi={10.1016/S0953-5438(03)00013-4}
}

@article{MariaXML,
  author={Patern{\`o}, Fabio and Santoro, Carmen and Spano, Lucio Davide},
  title={{MARIA: A Universal, Declarative, Multiple Abstraction-Level Language for Service-Oriented Applications in Ubiquitous Environments}},
  journal={{ACM Transactions on Computer-Human Interaction (TOCHI)}},
  volume={16},
  number={4},
  pages={1--30},
  year={2009},
  publisher={ACM New York, NY, USA},
  doi={10.1145/1614390.1614394}
}

@inproceedings{UsiXML,
  author={Limbourg, Quentin and Vanderdonckt, Jean and Michotte, Benjamin and Bouillon, Laurent and L{\'o}pez-Jaquero, V{\'\i}ctor},
  title={{USIXML: A Language Supporting Multi-Path Development of User Interfaces}},
  booktitle={{IFIP International Conference on Engineering for Human-Computer Interaction}},
  pages={200--220},
  year={2004},
  organization={Springer},
  doi={10.1007/11431879_12}
}

@article{IntrusiveAds,
  author={Tucker, Catherine E},
  title={{The Economics of Advertising and Privacy}},
  journal={{International journal of Industrial organization}},
  volume={30},
  number={3},
  pages={326--329},
  year={2012},
  publisher={Elsevier},
  doi={10.1016/j.ijindorg.2011.11.004}
}

@inproceedings{WebNotForAll,
  author={Lopes, Rui and Gomes, Daniel and Carri{\c{c}}o, Lu{\'\i}s},
  title={{Web Not For All: A Large Scale Study of Web Accessibility}},
  booktitle={{Proceedings of the 2010 International Cross Disciplinary Conference on Web Accessibility (W4A)}},
  pages={1--4},
  year={2010},
  doi={10.1145/1805986.1806001}
}

@inproceedings{PWAs,
  author={Majchrzak, Tim A and Bi{\o}rn-Hansen, Andreas and Gr{\o}nli, Tor-Morten},
  title={{Progressive Web Apps: The Definite Approach to Cross-Platform Development?}},
  booktitle={{In Proceedings of the 4th International Conference on Mobile Software Engineering and Systems (MOBILESoftâ€™17)}},
  year={2018},
  pages={35--45},
  address={IEEE Press, Piscataway, USA},
  doi={10.24251/HICSS.2018.718}
}

@phdthesis{DarkMode,
  type={Dissertation},
  author={Eisfeld, Henriette and Kristallovich, Felix},
  title={{The Rise of Dark Mode: A Qualitative Study of an Emerging User Interface Design Trend}},
  year={2020},
  URL={http://urn.kb.se/resolve?urn=urn:nbn:se:hj:diva-50563}
}

@article{seescoa,
  author={Luyten, Kris and Van Laerhoven, Tom and Coninx, Karin and Van Reeth, Frank},
  title={{Runtime Transformations for Modal Independent User Interface Migration}},
  journal={{Interacting With Computers}},
  volume={15},
  number={3},
  pages={329--347},
  year={2003},
  publisher={Oxford University Press Oxford, UK},
  doi={10.1016/S0953-5438(03)00012-2}
}

@article{openuidl,
  author={Moldovan, Alex and Nicula, Vlad and Pasca, Ionut and Popa, Mihai and Namburu, Jaya Krishna and Oros, Anamaria and Brie, Paul},
  title={{OpenUIDL, A User Interface Description Language for Runtime Omni-Channel User Interfaces}},
  journal={Proceedings of the ACM on Human-Computer Interaction},
  volume={4},
  number={EICS},
  pages={1--52},
  year={2020},
  publisher={ACM New York, NY, USA},
  doi={10.1145/3397874}
}